@book{pgaie,

    author="Mat Buckland",

    Title="Programming Game AI by Example",

    publisher="Wordware",

    year="2004"

}

@misc{aapc,

    author="Lluís Alsedà",

    title="A* Algorithm pseudocode",

    howpublished={\url{http://mat.uab.cat/~alseda/MasterOpt/AStar-Algorithm.pdf}},

    note={Accessed: 2018-04-01},

    year="2017"

}